<?xml version="1.0" encoding="UTF-8"?><record xmlns="http://www.loc.gov/MARC21/slim" xmlns:cinclude="http://apache.org/cocoon/include/1.0" xmlns:zs="http://www.loc.gov/zing/srw/">
  <leader>00610nz  a2200145n  4500</leader>
  <controlfield tag="001">no2011084039</controlfield>
  <controlfield tag="003">DLC</controlfield>
  <controlfield tag="005">20110601075103.0</controlfield>
  <controlfield tag="008">110530n| acannaabn          |a aaa     c</controlfield>
  <datafield tag="010" ind1=" " ind2=" ">
    <subfield code="a">no2011084039</subfield>
  </datafield>
  <datafield tag="035" ind1=" " ind2=" ">
    <subfield code="a">(OCoLC)oca08872347</subfield>
  </datafield>
  <datafield tag="040" ind1=" " ind2=" ">
    <subfield code="a">MX-SlUA</subfield>
    <subfield code="b">eng</subfield>
    <subfield code="c">MX-SlUA</subfield>
  </datafield>
  <datafield tag="100" ind1="1" ind2=" ">
    <subfield code="a">Guevara Contreras, Jesús Humberto</subfield>
  </datafield>
  <datafield tag="400" ind1="1" ind2=" ">
    <subfield code="a">Contreras, Jesús Humberto Guevara</subfield>
  </datafield>
  <datafield tag="670" ind1=" " ind2=" ">
    <subfield code="a">Supervisión y control de calidad, costo y tiempo de la unidad habitacional. Ciudad 2000, 1990:</subfield>
    <subfield code="b">t.p. (Jesús Humberto Guevara Contreras; Universidad Autónoma de San Luis Potosí; Licenciado en Edificación y Administrador de Obras)</subfield>
  </datafield>
</record>